<?xml version="1.0" encoding="UTF-8"?><collection xmlns="http://www.loc.gov/MARC21/slim"><record><leader>00487nam--2200157-i-4500</leader><controlfield tag="001">000007226</controlfield><controlfield tag="002">20161230</controlfield><controlfield tag="005">20161230201027</controlfield><controlfield tag="008">060222s1000------------r-----000-0-eng-d</controlfield><datafield ind1=" " ind2=" " tag="100"><subfield code="a">Milton Van Dyke</subfield></datafield><datafield ind1=" " ind2=" " tag="245"><subfield code="a">Perturbation methods in fluid mechanics</subfield></datafield><datafield ind1=" " ind2=" " tag="260"><subfield code="a">New York, Academic Press, 1956</subfield></datafield><datafield ind1=" " ind2=" " tag="490"><subfield code="a">Applied Mathematics And Mechanics. A Series Of Monographs Prepared Under The Auspices Of The Appli</subfield></datafield><datafield ind1=" " ind2=" " tag="700"><subfield code="a">F.N.Frenkel</subfield></datafield><datafield ind1=" " ind2=" " tag="852"><subfield code="a">12706</subfield></datafield><datafield ind1=" " ind2=" " tag="CAT"><subfield code="a">Sys</subfield><subfield code="c">20080331</subfield><subfield code="h">135154</subfield></datafield></record></collection>